@misc {web:oxforddictionaries2018,
    author = "{Oxford Dictionaries}",
    month  = "jan",
    year   = "2018",
    howpublished   = "https://en.oxforddictionaries.com/definition/algorithm",
    note = "[Online; accessed 23-January-2019]"
}

@misc{web:tsurel2013, place={ Israel}, 
			title={AI Approaches to Ultimate Tic-Tac-Toe}, 
			publisher={Hebrew University of Jerusalem},
			 author={David Tsurel and Eytan Lifshitz},
			 year={2013}
}

@misc{web:aptree,
			author = "{Wikipedia}",
			title={Alpha Beta Pruning tree}, 
			year={2007},
			month={Mai},
			day={28},
			howpublished   = "https://upload.wikimedia.org/wikipedia/commons/9/91/AB\_pruning.svg",
			note= "[Online; accessed 25-January-2019]"
}